<record><leader>00000cas a22000007a 4500</leader><controlfield tag="001">12111194</controlfield><controlfield tag="008">850603d18781879wiuwr ne      0    0eng d</controlfield><datafield ind1=" " ind2=" " tag="010"><subfield code="a">sn 85040657 </subfield></datafield><datafield ind1=" " ind2=" " tag="040"><subfield code="a">NPV</subfield><subfield code="b">eng</subfield><subfield code="c">NPV</subfield><subfield code="d">OCLCQ</subfield></datafield><datafield ind1=" " ind2=" " tag="042"><subfield code="a">msc</subfield></datafield><datafield ind1=" " ind2=" " tag="045"><subfield code="a">w7w7</subfield></datafield><datafield ind1=" " ind2=" " tag="052"><subfield code="a">4123</subfield><subfield code="b">T7</subfield></datafield><datafield ind1="0" ind2="0" tag="245"><subfield code="a">Independence weekly news.</subfield></datafield><datafield ind1=" " ind2=" " tag="260"><subfield code="a">Independence, Wis. :</subfield><subfield code="b">G.E. Gilkey,</subfield><subfield code="c">1878-1879.</subfield></datafield><datafield ind1=" " ind2=" " tag="300"><subfield code="a">2 v. :</subfield><subfield code="b">ill.</subfield></datafield><datafield ind1=" " ind2=" " tag="310"><subfield code="a">Weekly</subfield></datafield><datafield ind1="0" ind2=" " tag="362"><subfield code="a">Vol. 1, no. 1 (Mar. 9, 1878)-v. 2, no. 7 (Apr. 19, 1879).</subfield></datafield><datafield ind1=" " ind2=" " tag="500"><subfield code="a">Editor: G.E. Gilkey.</subfield></datafield><datafield ind1=" " ind2=" " tag="530"><subfield code="a">Available on microfilm from The State Historical Society of Wisconsin.</subfield></datafield><datafield ind1=" " ind2=" " tag="580"><subfield code="a">Merged with: Blair bulletin, to form, Weekly news-bulletin. Cf. Oehlerts, D.E. Guide to Wis. newspapers.</subfield></datafield><datafield ind1=" " ind2=" " tag="752"><subfield code="a">United States</subfield><subfield code="b">Wisconsin</subfield><subfield code="c">Trempealeau</subfield><subfield code="d">Independence.</subfield></datafield><datafield ind1="1" ind2="7" tag="785"><subfield code="t">Blair bulletin</subfield></datafield><datafield ind1="1" ind2="7" tag="785"><subfield code="t">Weekly news-bulletin</subfield><subfield code="w">(DLC)sn 85040658</subfield></datafield><datafield ind1="1" ind2=" " tag="029"><subfield code="a">AU@</subfield><subfield code="b">000025803529</subfield></datafield></record>